\underline{}%%Modified
%%
%% This is file `smplbib.bib',
%% generated with the docstrip utility.
%%
%% The original source files were:
%%
%% cescg.dtx  (with options: `bib')
%% 
%% IMPORTANT NOTICE:
%% 
%% For the copyright see the source file.
%% 
%% Any modified versions of this file must be renamed
%% with new filenames distinct from smplbib.bib.
%% 
%% For distribution of the original source see the terms
%% for copying and modification in the file cescg.dtx.
%% 
%% This generated file may be distributed as long as the
%% original source files, as listed above, are part of the
%% same distribution. (The sources need not necessarily be
%% in the same archive or directory.)
@String{COPYRIGHT = {
%% Copyright (c) 1999, 2005
%%               Institute of Computer Graphics and Algorithms
%%               TU Vienna, Austria
%% Based on the LaTeX2e document class SCCG
%% Copyright (C) 1999 Pavel Chalmoviansky
%%                    Katedra geometrie
%%                    Faculty of Mathematics and Physics
%%                    Comenius University, Bratislava
%%                    chalmo@fmph.uniba.sk
%%
%% This file is distributed in the hope that it will be useful,
%% but WITHOUT ANY WARRANTY; without even the implied warranty of
%% MERCHANTABILITY or FITNESS FOR A PARTICULAR PURPOSE.
%%
}}
@String{CHARACTERTABLE = {
%% \CharacterTable
%%  {Upper-case    \A\B\C\D\E\F\G\H\I\J\K\L\M\N\O\P\Q\R\S\T\U\V\W\X\Y\Z
%%   Lower-case    \a\b\c\d\e\f\g\h\i\j\k\l\m\n\o\p\q\r\s\t\u\v\w\x\y\z
%%   Digits        \0\1\2\3\4\5\6\7\8\9
%%   Exclamation   \!     Double quote  \"     Hash (number) \#
%%   Dollar        \$     Percent       \%     Ampersand     \&
%%   Acute accent  \'     Left paren    \(     Right paren   \)
%%   Asterisk      \*     Plus          \+     Comma         \,
%%   Minus         \-     Point         \.     Solidus       \/
%%   Colon         \:     Semicolon     \;     Less than     \<
%%   Equals        \=     Greater than  \>     Question mark \?
%%   Commercial at \@     Left bracket  \[     Backslash     \\
%%   Right bracket \]     Circumflex    \^     Underscore    \_
%%   Grave accent  \`     Left brace    \{     Vertical bar  \|
%%   Right brace   \}     Tilde         \~}
%%
}}
@article{hairer2006long,
	title={Long-time energy conservation of numerical integrators},
	author={Hairer, Ernst},
	journal={Foundations of computational mathematics, Santander 2005},
	pages={162--180},
	year={2006},
	publisher={Cambridge University Press}
}

@online{catto2014understanding,
	author = {Catto, Erin},
	title = {Understanding Constraints},
	year = 2014,
	url = {https://box2d.org/files/ErinCatto_UnderstandingConstraints_GDC2014.pdf},
	urldate = {2021-02-10}
}

@inproceedings{coumans2014exploring,
	title={Exploring {MLCP} solvers and {Featherstone}},
	author={Coumans, Erwin},
	booktitle={Game Developers Conf},
	pages={17--21},
	year={2014}
}

@article{tamis3d,
	title={3D Constraint Derivations for Impulse Solvers},
	author={Tamis, Marijn}
}

@misc{chappuis2013constraints,
	title={Constraints derivation for rigid body simulation in 3D},
	author={Chappuis, Daniel},
	year={2013}
}

@inproceedings{catto2011soft,
	title={Soft constraints: Reinventing the spring},
	author={Catto, Erin},
	booktitle={Game Developer Conference},
	year={2011}
}

@inproceedings{catto2009modeling,
	title={Modeling and solving constraints},
	author={Catto, Erin},
	booktitle={Game Developers Conference},
	pages={16},
	year={2009}
}

@article{montanari2017improving,
	title={Improving the GJK algorithm for faster and more reliable distance queries between convex objects},
	author={Montanari, Mattia and Petrinic, Nik and Barbieri, Ettore},
	journal={ACM Transactions on Graphics (TOG)},
	volume={36},
	number={3},
	pages={1--17},
	year={2017},
	publisher={ACM New York, NY, USA}
}

@online{jesst2008simplification,
	author = {JessT},
	title = {EPA Simplification - Side-stepping Robustness Issues},
	year = 2008,
	url = {https://pybullet.org/Bullet/phpBB3/viewtopic.php?f=4&t=2931},
	urldate = {2021-02-10}
}

@article{mirtich1996fast,
	title={Fast and accurate computation of polyhedral mass properties},
	author={Mirtich, Brian},
	journal={Journal of graphics tools},
	volume={1},
	number={2},
	pages={31--50},
	year={1996},
	publisher={Taylor \& Francis}
}

@online{smith2006ode,
	author = {Smith, Russell},
	title = {Open Dynamics Engine v0.5 User Guide},
	year = 2006,
	url = {http://www.ode.org/ode-latest-userguide.html#sec_3_8_0},
	urldate = {2021-02-10}
}

@inproceedings{gregorius2015robust,
	title={Robust Contact Creation for Physics Simulations},
	author={Gregorius, Dirk},
	booktitle={Game Developers Conference},
	pages={947},
	year={2015}
}

@incollection{rungjiratananon2015physics,
	title={Physics simulation R\&D at Square Enix},
	author={Rungjiratananon, Witawat},
	booktitle={SIGGRAPH Asia 2015 R\&D in the Video Game Industry},
	pages={1--2},
	year={2015}
}

@article{baumgarte1972stabilization,
	title={Stabilization of constraints and integrals of motion in dynamical systems},
	author={Baumgarte, Joachim},
	journal={Computer methods in applied mechanics and engineering},
	volume={1},
	number={1},
	pages={1--16},
	year={1972},
	publisher={Elsevier}
}

@article{muller2007position,
	title={Position based dynamics},
	author={M{\"u}ller, Matthias and Heidelberger, Bruno and Hennix, Marcus and Ratcliff, John},
	journal={Journal of Visual Communication and Image Representation},
	volume={18},
	number={2},
	pages={109--118},
	year={2007},
	publisher={Elsevier}
}

@article{muller2012fast,
	title={Fast simulation of inextensible hair and fur.},
	author={M{\"u}ller, Matthias and Kim, Tae-Yong and Chentanez, Nuttapong},
	journal={VRIPHYS},
	volume={12},
	pages={39--44},
	year={2012}
}

\endinput
%%
%% End of file `smplbib.bib'.
